@book{OCRPhysics,
    author    = "Herklots, Lawrence and Miller, John and Reynolds, Helen",
    title     = "A level Advancing Physics for OCR",
    publisher = "Oxford university press",
    year      = "2015",
    edition   = "third",
    note      = "Lots of useful information - although not very in depth",
}

@book{JimBook,
    author = "Jim Breithaupt",
    title = "Physics",
    publisher = "Palgrave Macmillan",
    edition = "2nd Revised",
    year = "2003",
    note = "Has some useful information, agrees with other sources",
}

@misc{DoITPoMS,
    author = {{DoITPoMS}},
    title = {Dislocations in 2D},
    howpublished = {https://www.doitpoms.ac.uk/tlplib/dislocations/dislocations\_in\_2D.php},
    note = {Accessed: 31/10/2017. Quite in depth, but can provide some useful context},
}

@misc{LatticeDefects,
    author = {Condensed Matter Physics},
    title = {Lattice defects and their dimensionality},
    howpublished = {http://users.aber.ac.uk/ruw/teach/334/defects.php},
    note = {Accessed: 31/10/2017. Provides a good if technical summary of different lattice defects},
}

@misc{SOSilicon,
    author = {placeholder - https://electronics.stackexchange.com/users/11861/placeholder},
    title = {Why is silicon used to make microchips?},
    howpublished = {https://electronics.stackexchange.com/questions/59815/why-is-silicon-used-to-make-microchips/59819\#59819},
    note = {Accessed: 31/10/2017. Very detailed technical explanation of the usage of silicon in microchips},
}

@misc{VirginiaDefects,
    author = {University of Virginia},
    title = {Imperfections in Solids},
    howpublished = {http://www.virginia.edu/bohr/mse209/chapter4.htm},
    note = {Accessed: 31/10/2017. Some more detail on the effects of other defects},
}

@misc{HowItWorks,
    author = {Mark Miodownik},
    title = {How It Works: Metal},
    howpublished = {https://online.clickview.co.uk/},
    note = {Accessed: 31/10/2017. Perhaps a somewhat friendlier show about metals},
}
