@article{EngineersEdge,
    title = {Specific heat capacity of metals table},
    author = {{Engineers Edge}},
    url = {https://www.engineersedge.com/materials/specific\_heat\_capacity\_of\_metals\_13259.htm},
    year = {2015},
    note = {Retrieved 12/7/18}
}

@article{Stretton,
    title = {Chemistry pages databook},
    author = {Tom Stretton},
    url = {http://www2.ucdsb.on.ca/tiss/stretton/database/specific\_heat\_capacity\_table.html},
    year = {2014},
    note = {Retrieved 12/7/18}
}

@article{DeLeon,
    title = {Indiana University Northwest lecture notes},
    author = {N. De Leon},
    url = {http://www.iun.edu/~cpanhd/C101webnotes/matter-and-energy/specificheat.html},
    year = {2015},
    note = {Retrieved 12/7/18}
}
