@book{air,
    author = {Stephen Lower},
    title = {General Chemistry: Properties of gases},
    year = {2017}
}
