@book{SI,
    title = {Unit of thermodynamic temperature (kelvin)},
    author = {BIPM},
    edition = {8},
    year = {2006},
    url = {https://www.bipm.org/en/publications/si-brochure/kelvin.html},
    note = {Retrieved 20/6/2018}
}
